@article{10.2307/2312726,
 ISSN = {00029890, 19300972},
 URL = {http://www.jstor.org/stable/2312726},
 author = {D. Gale and L. S. Shapley},
 journal = {The American Mathematical Monthly},
 number = {1},
 pages = {9--15},
 publisher = {Mathematical Association of America},
 title = {College Admissions and the Stability of Marriage},
 volume = {69},
 year = {1962}
}

