@article{GaleShapley,
 ISSN = {00029890, 19300972},
 author = {D. Gale and L. S. Shapley},
 journal = {The American Mathematical Monthly},
 number = {1},
 pages = {9--15},
 publisher = {Mathematical Association of America},
 title = {College Admissions and the Stability of Marriage},
 volume = {69},
 year = {1962}
}


@article{Todo,
title = "The College Admissions problem with lower and common quotas",
journal = "Theoretical Computer Science",
volume = "411",
number = "34",
pages = "3136 - 3153",
year = "2010",
issn = "0304-3975",
author = "Péter Biró and Tamás Fleiner and Robert W. Irving and David F. Manlove",
keywords = "College Admissions problem, Hospitals/Residents problem, Lower quotas, Common quotas, Nested set systems, NP-hardness, polynomial-time algorithm, Matroids, Rural Hospitals theorem"
}

@article{empates,
title= "Hard Variants of Stable Marriage",
journal="Theoretical Computer Science",
volume = "276",
number = "1-2",
pages = "261 - 279",
year = "2002",
author = "Robert W. Irving and David F. Manlove  and Kazuo Iwama and Shuichi Miyazaki and Yasufumi Morita"
}


@book{Knuth,
  author    = {Donald E. Knuth}, 
  title     = {Stable Marriage and It's Relation to Other Combinatorial Problems: An introduction to the mathematical analysis of algorithms},
  publisher = {American Mathematical Society},
  year      = 1997,
  volume    = 10,
  series    = {CRM Proceedings and Lecture Notes},
}

@book{Verde,
 author = {Irving, Robert W. and Gusfield, Dan},
 title = {The Stable Marriage Problem: Structure and Algorithms},
 year = {1989},
 isbn = {0-262-07118-5},
 publisher = {MIT Press},
 address = {Cambridge, MA, USA},
} 

@book{roth_sotomayor_1990, 
place={Cambridge}, 
series={Econometric Society Monographs}, 
title={Two-Sided Matching: A Study in Game-Theoretic Modeling and Analysis}, 
publisher={Cambridge University Press}, 
author={Roth, Alvin E. and Sotomayor, Marilda A. Oliveira},
 year={1990},
 collection={Econometric Society Monographs}}

@article{GaleSotomayor,
title = "Some remarks on the stable matching problem",
journal = "Discrete Applied Mathematics",
volume = "11",
number = "3",
pages = "223 - 232",
year = "1985",
issn = "0166-218X",
author = "David Gale and Marilda Sotomayor"
}

@book{roth_2014,
title={Who gets what--and why},
publisher={Eamon Dolan/Houghton Mifflin Harcourt},
author={Roth, Alvin E},
year={2014}
}

@book{matroid,
title={Matroid Theory},
publisher={Dover},
author={Welsh, D.J.A},
year={2010}
}

@book{CO1,
title={Combinatorial Optimization},
publisher={Wiley},
author={Cook, W. and Cunningham, W. and Pulleyblank, W. and Schrijver, A.}
}


@book{CO3,
title={Combinatorial Optimization},
publisher={Dover},
author={Papadimitriou, C. and Steiglitz, K.},
year={2016}
}


@book{CO2,
title={Combinatorial Optimization, Networks and Matroids},
publisher={Dover},
author={Lawler, E.},
year={2015}
}

@book{moderna,
title={A First Course in Abstract Algebra},
publisher={Addison Wesley},
author={Fraleigh, J.},
year={1976}
}


@article{Yo,
 author = {R. Espinosa and I. Jinich and A. Tame},
 journal = {Laberintos e Infinitos},
 number = {41},
 pages = {31--36},
 publisher = {ITAM},
 title = {Gráficas químicas},
 year = {2016}
}

@book{Ramon,
place={México},
edition={2},
title={Matemáticas Discretas},
publisher={Alfaomega Grupo Editor},
author={Espinosa, Ramón},
year={2017}
},

@book{Schaums,
place={New York},
title={Shaums's outline of theory and problems of set theory and related topics},
publisher={McGraw-Hill},
author={Lipschutz, Seymour},
year={1998}
},
@Article{agrawal2004primes,
author = {Agrawal, Manindra and Kayal, Neeraj and Saxena, Nitin},
title = {Primes is in P},
year = {2004},
month = {June},
abstract = {We present an unconditional deterministic polynomial-time algorithm that determines whether an input number is prime or composite.},
url = {https://www.microsoft.com/en-us/research/publication/primes-is-in-p/},
pages = {781-793},
journal = {Annals of Mathematics},
volume = {160},
edition = {Annals of Mathematics},
note = {Godel Prize, Fulkerson Prize},
}
